<collection xmlns="http://www.loc.gov/MARC21/slim">
<record>
  <leader>01395nam0a2200253 i 450 </leader>
  <controlfield tag="001">IT\ICCU\CNCE\039952</controlfield>
  <controlfield tag="005">20120628000000.0</controlfield>
  <datafield tag="012" ind1=" " ind2=" ">
    <subfield code="a">alra o,i- o,n- lame (3) 1600 (R)</subfield>
    <subfield code="2">fei</subfield>
  </datafield>
  <datafield tag="100" ind1=" " ind2=" ">
    <subfield code="a">19981031d1600        0itac0103    ba</subfield>
  </datafield>
  <datafield tag="101" ind1=" " ind2=" ">
    <subfield code="a">ITA</subfield>
  </datafield>
  <datafield tag="102" ind1=" " ind2=" ">
    <subfield code="a">IT</subfield>
  </datafield>
  <datafield tag="200" ind1="1" ind2=" ">
    <subfield code="a">Instruttione delle ragioni che ha questo sereniss. d.d. nella campagna di Verona, preuia all&apos;irrigation sua, &amp; altri maggior benefitij del stato suo,  con il sommario delle ragioni che ha sua serenit ̉sopra la detta campagna, dell&apos;ill. s. Theodoro di Monte</subfield>
  </datafield>
  <datafield tag="210" ind1=" " ind2=" ">
    <subfield code="a">In Verona</subfield>
    <subfield code="c">appresso Angelo Tamo</subfield>
    <subfield code="d">1600</subfield>
  </datafield>
  <datafield tag="215" ind1=" " ind2=" ">
    <subfield code="a">56 p., 1 c. di tav.</subfield>
    <subfield code="d">fol</subfield>
  </datafield>
  <datafield tag="620" ind1=" " ind2=" ">
    <subfield code="a">IT</subfield>
    <subfield code="d">Verona</subfield>
  </datafield>
  <datafield tag="700" ind1=" " ind2="1">
    <subfield code="a">Da_Monte,</subfield>
    <subfield code="b">Teodoro</subfield>
    <subfield code="3">IT\ICCU\CNCA\004595</subfield>
  </datafield>
  <datafield tag="712" ind1="0" ind2="0">
    <subfield code="a">Tamo, Angelo</subfield>
    <subfield code="3">IT\ICCU\CNCT\000263</subfield>
    <subfield code="4">650</subfield>
  </datafield>
  <datafield tag="790" ind1=" " ind2="1">
    <subfield code="a">Monte,</subfield>
    <subfield code="b">Teodoro : da</subfield>
    <subfield code="3">IT\ICCU\CNCA\014677</subfield>
    <subfield code="z">Da_Monte, Teodoro</subfield>
  </datafield>
  <datafield tag="790" ind1=" " ind2="0">
    <subfield code="a">Teodoro</subfield>
    <subfield code="c"> : da#Monte</subfield>
    <subfield code="3">IT\ICCU\CNCA\015232</subfield>
    <subfield code="z">Da_Monte, Teodoro</subfield>
  </datafield>
  <datafield tag="790" ind1=" " ind2="0">
    <subfield code="a">Theodoro</subfield>
    <subfield code="c"> : di#Monte</subfield>
    <subfield code="3">IT\ICCU\CNCA\015233</subfield>
    <subfield code="z">Da_Monte, Teodoro</subfield>
  </datafield>
  <datafield tag="791" ind1="0" ind2="0">
    <subfield code="a">Tamus, Angelus</subfield>
    <subfield code="3">IT\ICCU\CNCT\005567</subfield>
    <subfield code="z">Tamo, Angelo</subfield>
  </datafield>
  <datafield tag="801" ind1=" " ind2="3">
    <subfield code="a">IT</subfield>
    <subfield code="b">ICCU</subfield>
    <subfield code="c">20201114</subfield>
  </datafield>
  <datafield tag="899" ind1=" " ind2=" ">
    <subfield code="a">Biblioteca civica. Verona</subfield>
    <subfield code="1">VR0059</subfield>
    <subfield code="2">ZVR 02</subfield>
  </datafield>
  <datafield tag="921" ind1=" " ind2=" ">
    <subfield code="a">IT\ICCU\CNCM\000944</subfield>
    <subfield code="b">Nido su albero con uccello che guarda verso il vento che soffia. In cornice figurata. In basso, in ovale un orso e tre stelle.</subfield>
    <subfield code="e">Hoc flante citius</subfield>
    <subfield code="c">V545</subfield>
    <subfield code="c">Z898</subfield>
    <subfield code="d">Dimensioni: 6 x 7</subfield>
    <subfield code="f">HOCFLANTEC</subfield>
    <subfield code="f">NIDO</subfield>
    <subfield code="f">UCCELLO</subfield>
    <subfield code="f">ORSO</subfield>
    <subfield code="f">VENTO</subfield>
    <subfield code="g">1598-1600</subfield>
  </datafield>
</record>
</collection>
